@article{dosovitskiy2021image,
	author={Dosovitskiy, Alexey and Beyer, Lucas and Kolesnikov, Alexander and Weissenborn, Dirk and Zhai, Xiaohua and Unterthiner, Thomas and Dehghani, Mostafa and Minderer, Matthias and Heigold, Georg and Gelly, Sylvain and Uszkoreit, Jakob and Houlsby, Neil},
	title={An Image is Worth 16x16 Words: Transformers for Image Recognition at Scale},
	journal={arXiv preprint arXiv:2010.11929},
	year={2021}
}

@article{radford2021learning,
	author={Radford, Alec and Kim, Jong Wook and Hallacy, Chris and Ramesh, Aditya and Goh, Gabriel and Agarwal, Sandhini and Sastry, Girish and Askell, Amanda and Mishkin, Pamela and Clark, Jack and Krueger, Gretchen and Sutskever, Ilya},
	title={Learning Transferable Visual Models From Natural Language Supervision},
	journal={arXiv preprint arXiv:2103.00020},
	year={2021}
}

@article{vinyals2015show,
	author={Vinyals, Oriol and Toshev, Alexander and Bengio, Samy and Erhan, Dumitru},
	title={Show and Tell: A Neural Image Caption Generator},
	journal={arXiv preprint arXiv:1411.4555},
	year={2015}
}

@article{xu2015show,
	author={Xu, Kelvin and Ba, Jimmy Lei and Kiros, Ryan and Cho, Kyunghyun and Courville, Aaron and Salakhutdinov, Ruslan and Zemel, Richard S. and Bengio, Yoshua},
	title={Show, Attend and Tell: Neural Image Caption Generation with Visual Attention},
	journal={arXiv preprint arXiv:1502.03044},
	year={2015}
}

@article{yu2019multimodal,
	author={Yu, Jun and Li, Jing and Yu, Zhou and Huang, Qingming},
	title={Multimodal Transformer with Multi-View Visual Representation for Image Captioning},
	journal={arXiv preprint arXiv:1905.07841},
	year={2019}
}

@article{anderson2018bottom,
	author={Anderson, Peter and He, Xiaodong and Buehler, Chris and Teney, Damien and Johnson, Mark and Gould, Stephen and Zhang, Lei},
	title={Bottom-Up and Top-Down Attention for Image Captioning and Visual Question Answering},
	journal={arXiv preprint arXiv:1707.07998},
	year={2018}
}

@article{lu2017knowing,
	author={Lu, Jiasen and Xiong, Caiming and Parikh, Devi and Socher, Richard},
	title={Knowing When to Look: Adaptive Attention via A Visual Sentinel for Image Captioning},
	journal={arXiv preprint arXiv:1612.01887},
	year={2017}
}

@article{li2022blip,
	author={Li, Junnan and Li, Dongxu and Xiong, Caiming and Hoi, Steven},
	title={BLIP: Bootstrapping Language-Image Pre-training for Unified Vision-Language Understanding and Generation},
	journal={arXiv preprint arXiv:2201.12086},
	year={2022}
}

@article{aneja2018convcap,
	author={Aneja, Jyoti and Deshpande, Aditya and Schwing, Alexander G.},
	title={Convolutional Image Captioning},
	journal={arXiv preprint arXiv:1805.09019},
	year={2018}
}
